@article{weisstein2003buffon,
  title={Buffon's Needle Problem},
  author={Weisstein, Eric W},
  url={https://mathworld.wolfram.com/},
  year={2003},
  publisher={Wolfram Research, Inc.}
}

@article{mantel1953extension,
  title={An extension of the Buffon needle problem},
  author={Mantel, Nathan},
  journal={The Annals of Mathematical Statistics},
  volume={24},
  number={4},
  pages={674--677},
  year={1953},
  publisher={JSTOR}
}

@article{duncan1967variation,
  title={A variation of the Buffon needle problem},
  author={Duncan, RL},
  journal={Mathematics Magazine},
  volume={40},
  number={1},
  pages={36--38},
  year={1967},
  publisher={Taylor \& Francis}
}